<record><leader>00000cas a22000007a 4500</leader><controlfield tag="001">12895101</controlfield><controlfield tag="008">851211d19201976iaudr ne      0    0eng d</controlfield><datafield ind1=" " ind2=" " tag="010"><subfield code="a">sn 85049853 </subfield></datafield><datafield ind1=" " ind2=" " tag="040"><subfield code="a">INP</subfield><subfield code="b">eng</subfield><subfield code="c">INP</subfield><subfield code="d">NSD</subfield><subfield code="d">OCLCQ</subfield></datafield><datafield ind1=" " ind2=" " tag="042"><subfield code="a">msc</subfield></datafield><datafield ind1="0" ind2=" " tag="130"><subfield code="a">Council Bluffs nonpareil (Council Bluffs, Iowa : 1920)</subfield></datafield><datafield ind1="1" ind2="0" tag="245"><subfield code="a">Council Bluffs nonpareil.</subfield></datafield><datafield ind1="1" ind2="3" tag="246"><subfield code="a">Daily nonpareil</subfield></datafield><datafield ind1="1" ind2="7" tag="246"><subfield code="a">Nonpareil</subfield></datafield><datafield ind1=" " ind2=" " tag="260"><subfield code="a">Council Bluffs [Iowa] :</subfield><subfield code="b">New Nonpareil Co.,</subfield><subfield code="c">1920-1976.</subfield></datafield><datafield ind1=" " ind2=" " tag="300"><subfield code="a">61 v. :</subfield><subfield code="b">ill. ;</subfield><subfield code="c">63 cm.</subfield></datafield><datafield ind1=" " ind2=" " tag="310"><subfield code="a">Daily</subfield></datafield><datafield ind1="0" ind2=" " tag="362"><subfield code="a">Vol. 59, no. 266 (Oct. 7, 1920)-119th year, no. 329 (Nov. 24, 1976).</subfield></datafield><datafield ind1=" " ind2=" " tag="500"><subfield code="a">Published in an evening edition (daily), Oct. 7, 1920-Nov. 24, 1976, and a morning mail edition (daily except Monday), Oct. 7, 1920-&lt;Oct. 25, 1938&gt;.</subfield></datafield><datafield ind1=" " ind2=" " tag="500"><subfield code="a">"Centennial Edition" published as Vol. 75, no. 208 (July 26, 1936).</subfield></datafield><datafield ind1=" " ind2=" " tag="515"><subfield code="a">Issues for Oct. 7-Nov. 16, 1920 (evening edition only) called: vol. 15, no. 137-v. 15, no. 173.</subfield></datafield><datafield ind1=" " ind2=" " tag="752"><subfield code="a">United States</subfield><subfield code="b">Iowa</subfield><subfield code="c">Pottawattamie</subfield><subfield code="d">Council Bluffs.</subfield></datafield><datafield ind1="0" ind2="4" tag="780"><subfield code="t">Evening nonpareil</subfield><subfield code="w">(DLC)sn 85049852</subfield></datafield><datafield ind1="0" ind2="4" tag="780"><subfield code="t">Daily nonpareil (Council Bluffs, Iowa : 1895)</subfield><subfield code="w">(DLC)sn 85049851</subfield></datafield><datafield ind1="0" ind2="0" tag="785"><subfield code="t">Daily nonpareil (Council Bluffs, Iowa : 1976)</subfield><subfield code="x">1046-1833</subfield><subfield code="w">(DLC)sn 85049854</subfield><subfield code="w">(OCoLC)12895103</subfield></datafield></record>